<record><leader>00000cas a22000007a 4500</leader><controlfield tag="001">13188928</controlfield><controlfield tag="008">860224d18841886wiuwr ne      0    0eng d</controlfield><datafield ind1=" " ind2=" " tag="010"><subfield code="a">sn 86086109 </subfield></datafield><datafield ind1=" " ind2=" " tag="040"><subfield code="a">NPV</subfield><subfield code="b">eng</subfield><subfield code="c">NPV</subfield><subfield code="d">OCLCQ</subfield></datafield><datafield ind1=" " ind2=" " tag="042"><subfield code="a">msc</subfield></datafield><datafield ind1=" " ind2=" " tag="045"><subfield code="a">w8w8</subfield></datafield><datafield ind1=" " ind2=" " tag="052"><subfield code="a">4123</subfield><subfield code="b">R6</subfield></datafield><datafield ind1="0" ind2=" " tag="130"><subfield code="a">Evansville weekly review (Evansville, Wis. : 1884)</subfield></datafield><datafield ind1="1" ind2="4" tag="245"><subfield code="a">The Evansville weekly review.</subfield></datafield><datafield ind1="1" ind2="3" tag="246"><subfield code="a">Evansville review</subfield></datafield><datafield ind1=" " ind2=" " tag="260"><subfield code="a">Evansville, Wis. :</subfield><subfield code="b">I.A. Hoxie &amp; Son,</subfield><subfield code="c">1884-1886.</subfield></datafield><datafield ind1=" " ind2=" " tag="300"><subfield code="a">v. :</subfield><subfield code="b">ill. (chiefly advertisements)</subfield></datafield><datafield ind1=" " ind2=" " tag="310"><subfield code="a">Weekly</subfield></datafield><datafield ind1="0" ind2=" " tag="362"><subfield code="a">Vol. 18, no. 46 (Mar. 21, 1884)-v. 21, no. 2 (May 14, 1886).</subfield></datafield><datafield ind1=" " ind2=" " tag="500"><subfield code="a">Editor: I.A. Hoxie, March 21, 1884-May 14, 1886.</subfield></datafield><datafield ind1=" " ind2=" " tag="525"><subfield code="a">Supplements accompany some issues.</subfield></datafield><datafield ind1=" " ind2=" " tag="530"><subfield code="a">Available on microfilm from The State Historical Society of Wisconsin.</subfield></datafield><datafield ind1=" " ind2=" " tag="752"><subfield code="a">United States</subfield><subfield code="b">Wisconsin</subfield><subfield code="c">Rock</subfield><subfield code="d">Evansville.</subfield></datafield><datafield ind1="0" ind2="0" tag="780"><subfield code="t">Evansville review (Evansville, Wis. : 1883)</subfield><subfield code="w">(DLC)sn 86086108</subfield></datafield><datafield ind1="0" ind2="0" tag="785"><subfield code="t">Evansville review (Evansville, Wis. : 1886)</subfield><subfield code="w">(DLC)Sn 86086110</subfield></datafield><datafield ind1="1" ind2=" " tag="029"><subfield code="a">AU@</subfield><subfield code="b">000025823422</subfield></datafield></record>